@misc{swh-mission,
    author = {{Software Heritage}},
    title = {Mission},
    howpublished = {\url{https://www.softwareheritage.org/mission/}},
    year = 2023
}

@misc{swh-api,
    author = {{Software Heritage}},
    title = {Getting Started with the {Software Heritage API}},
    howpublished = {\url{https://docs.softwareheritage.org/devel/getting-started/api.html}},
    year = 2023
}

@misc{bibalex-ia,
    author = {{Bibliotheca Alexandrina}},
    title = {{Internet Archive}},
    howpublished = {\url{https://www.bibalex.org/en/project/details?documentid=283}},
    year = 2023
}

@techreport{iasge_enviro_scan,
	title = {Archiving the Scholarly {Git} Experience: An Environmental Scan},
	url = {https://osf.io/ku24q/},
	author = {Genevieve Milliken},
	year = {2021},
	month = feb,
	institution={{OSF}},
}

@article{wattanakriengkrai_github_2022,
	title = {{GitHub} repositories with links to academic papers: {Public} access, traceability, and evolution},
	volume = {183},
	issn = {0164-1212},
	shorttitle = {{GitHub} repositories with links to academic papers},
	doi = {10.1016/j.jss.2021.111117},
	language = {en},
	journal = {Journal of Systems and Software},
	author = {Wattanakriengkrai, Supatsara and Chinthanet, Bodin and Hata, Hideaki and Kula, Raula Gaikovina and Treude, Christoph and Guo, Jin and Matsumoto, Kenichi},
	month = jan,
	year = {2022},
}

@misc{iasge_data,
    author = {Steeves, Vicky and Nguyen, Sarah},
    publisher = {QDR Main Collection},
    title = {{Investigating and Archiving the Scholarly Git Experience}},
    year = {2020},
    version = {V1},
    doi = {10.5064/F6VOIB8H},
}

@techreport{iasge_gap,
	title = {Investigating the Scholarly Git Experience: a Gap Analysis},
	url = {https://osf.io/q27m9/},
	author = {Sarah Nguyen},
	year = {2021},
	month = nov,
}

@inproceedings{iasge_hicss,
	title = {A Behavioral Approach to Understanding the Git Experience},
	doi = {10.24251/HICSS.2021.872},
	booktitle = {Proceedings of the {HICSS}-54},
	pages = {7239},
	author = {Milliken, Genevieve and Nguyen, Sarah and Steeves, Vicky},
	year = {2021},
	month = jan,
}

@misc{hettrick,
	title = {{It's} impossible to conduct research without software, say 7 out of 10 {UK} researchers},
	url = {https://www.software.ac.uk/blog/2014-12-04-its-impossible-conduct-research-without-software-say-7-out-10-uk-researchers},
	titleaddon = {Software Sustainability Institute},
	author = {Hettrick, Simon},
	year = {2014},
	month = dec,
}

@techreport{hasselbring,
	title = {{FAIR} and Open Computer Science Research Software},
	number = {1908.05986},
	doi={10.48550/arXiv.1908.05986},
	journal = {arXiv},
	author = {Hasselbring, Wilhelm and Carr, Leslie and Hettrick, Simon and Packer, Heather and Tiropanis, Thanassis},
	month = aug,
	year = {2019},
	institution={{arXiv}},
}

@inproceedings{squire,
	title = {{Forge++: The Changing Landscape of Development}},
	doi = {10.1109/HICSS.2014.405},
	booktitle = {Proceedings of the {HICSS}},
	author = {Squire, Megan},
	month = jan,
	year = {2014},
}

@misc{fromme-cornell2022,
	title = {{arXiv} hits {2M} submissions},
	url = {https://news.cornell.edu/stories/2022/01/arxiv-hits-2m-submissions},
	urldate = {2022-02-02},
	journal = {Cornell Chronicle},
	author = {Fromme, Alison},
	month = jan,
	year = {2022},
}

@article{klein-plos2014,
	title = {Scholarly Context Not Found: One in Five Articles Suffers from Reference Rot},
	shorttitle = {Scholarly Context Not Found},
	doi = {10.1371/journal.pone.0115253},
	journal = {PLoS ONE},
	author = {Klein, Martin and {Van de Sompel}, Herbert and Sanderson, Robert and Shankar, Harihar and Balakireva, Lyudmila and Zhou, Ke and Tobin, Richard},
	month = dec,
	year = {2014},
	volume = {9},
	issue = {12},
	pages = {1-39}
}

@article{jones-plos2016,
	title = {Scholarly Context Adrift: Three out of Four {URI} References Lead to Changed Content},
	shorttitle = {Scholarly Context Adrift},
	doi = {10.1371/journal.pone.0167475},
	volume = {11},
	issue = {12},
	pages = {1-32},
	journal = {PLoS ONE},
	author = {Jones, Shawn M. and {Van de Sompel}, Herbert and Shankar, Harihar and Klein, Martin and Tobin, Richard and Grover, Claire},
	month = dec,
	year = {2016},
}

@techreport{zittrain-ssrn2021,
	title = {The Paper of Record Meets an Ephemeral Web: An Examination of Linkrot and Content Drift within {The} {New} {York} {Times}},
	issn = {1556-5068},
	shorttitle = {The Paper of Record Meets an Ephemeral Web},
	doi = {10.2139/ssrn.3833133},
	journal = {SSRN Electronic Journal},
	author = {Zittrain, Jonathan and Bowers, John and Stanton, Clare},
	year = {2021},
}

@article{allen-astro2018,
	title = {Schroedinger’s {Code}: A Preliminary Study on Research Source Code Availability and Link Persistence in Astrophysics},
	shorttitle = {Schroedinger’s {Code}},
	doi = {10.3847/1538-4365/aab764},
	journal = {The Astrophysical Journal Supplement Series},
	author = {Allen, Alice and Teuben, Peter J. and Ryan, P. Wesley},
	month = may,
	year = {2018},
}

@article{reich-dlib2001,
	title = {{LOCKSS}: {A} Permanent Web Publishing and Access System},
	volume = {7},
	issn = {1082-9873},
	shorttitle = {{LOCKSS}},
	doi = {10.1045/june2001-reich},
	language = {en},
	number = {6},
	journal = {D-Lib Magazine},
	author = {Reich, Vicky and Rosenthal, David S. H.},
	month = jun,
	year = {2001},
}

@article{reich-serials2008,
	title = {{CLOCKSS}—{It} Takes a Community},
	volume = {54},
	issn = {0361-526X, 1541-1095},
	doi = {10.1080/03615260801973968},
	language = {en},
	number = {1-2},
	journal = {The Serials Librarian},
	author = {Reich, Victoria},
	month = may,
	year = {2008},
	pages = {135--139},
}

@incollection{klein-dlok2019,
	title = {The {Memento} {Tracer} {Framework}: {Balancing} Quality and Scalability for Web Archiving},
	volume = {11799},
	isbn = {978-3-030-30759-2 978-3-030-30760-8},
	shorttitle = {The {Memento} {Tracer} {Framework}},
	language = {en},
	booktitle = {Digital {Libraries} for {Open} {Knowledge}},
	publisher = {Springer International Publishing},
	author = {Klein, Martin and Shankar, Harihar and Balakireva, Lyudmila and {Van de Sompel}, Herbert},
	year = {2019},
	doi = {10.1007/978-3-030-30760-8\_15},
	pages = {163--176},
}

@article{brunelle-ijdl2016,
	title = {The impact of {JavaScript} on archivability},
	volume = {17},
	issn = {1432-5012, 1432-1300},
	doi = {10.1007/s00799-015-0140-8},
	language = {en},
	number = {2},
	journal = {International Journal on Digital Libraries},
	author = {Brunelle, Justin F. and Kelly, Mat and Weigle, Michele C. and Nelson, Michael L.},
	month = jun,
	year = {2016},
	pages = {95--117},
}

@inproceedings{brunelle-jcdl2017,
	title = {Archival Crawlers and {JavaScript}: {Discover} More Stuff but Crawl More Slowly},
	isbn = {978-1-5386-3861-3},
	shorttitle = {Archival {Crawlers} and {JavaScript}},
	doi = {10.1109/JCDL.2017.7991554},
	booktitle = {Proceedings of the 2017 {ACM}/{IEEE} {Joint} {Conference} on {Digital} {Libraries} ({JCDL})},
	publisher = {IEEE},
	author = {Brunelle, Justin F. and Weigle, Michele C. and Nelson, Michael L.},
	month = jun,
	year = {2017},
	pages = {1--10},
}

@article{he-aslib2016,
	title = {Reuse of scientific data in academic publications: {An} investigation of {Dryad} {Digital} {Repository}},
	volume = {68},
	issn = {2050-3806},
	shorttitle = {Reuse of scientific data in academic publications},
	doi = {10.1108/AJIM-01-2016-0008},
	language = {en},
	number = {4},
	journal = {Aslib Journal of Information Management},
	author = {He, Lin and Nahar, Vinita},
	month = jul,
	year = {2016},
	pages = {478--494},
}

@article{fenton-serials2006,
	title = {An {Overview} of {Portico}: {An} {Electronic} {Archiving} {Service}},
	volume = {32},
	issn = {0098-7913, 1879-095X},
	shorttitle = {An {Overview} of {Portico}},
	doi = {10.1080/00987913.2006.10765036},
	language = {en},
	number = {2},
	journal = {Serials Review},
	author = {Fenton, Eileen Gifford},
	month = jun,
	year = {2006},
	pages = {81--86},
}

@article{agol-astro2021,
	title = {A differentiable {N}-body code for transit timing and dynamical modelling – {I}. {Algorithm} and derivatives},
	volume = {507},
	issn = {0035-8711},
	doi = {10.1093/mnras/stab2044},
	number = {2},
	journal = {Monthly Notices of the Royal Astronomical Society},
	author = {Agol, Eric and Hernandez, David M. and Langford, Zachary},
	month = jul,
	year = {2021},
	pages = {1582--1605},
}


@techreport{agol-arxiv2021,
	title = {A differentiable {N}-body code for transit timing and dynamical modeling. {I}. {Algorithm} and derivatives},
	volume = {507},
	issn = {0035-8711, 1365-2966},
	doi = {10.1093/mnras/stab2044},
	number = {arXiv:2106.02188},
	author = {Agol, Eric and Hernandez, David M. and Langford, Zachary},
	month = aug,
	year = {2021},
	institution={{arXiv}},
}

@techreport{dhole-arxiv2021,
	title = {{NL}-{Augmenter}: {A} Framework for Task-Sensitive Natural Language Augmentation},
	shorttitle = {{NL}-{Augmenter}},
	doi={10.48550/arXiv.2112.02721},
	number = {arXiv:2112.02721 [cs]},
	author={Dhole, Kaustubh D and Gangal, Varun and Gehrmann, Sebastian and Gupta, Aadesh and Li, Zhenhao and Mahamood, Saad and Mahendiran, Abinaya and Mille, Simon and Srivastava, Ashish and Tan, Samson and others},
	month = dec,
	year = {2021},
	institution={{arXiv}},
}

@techreport{truyen-arxiv2021,
	title = {A Comprehensive Feature Comparison Study of Open-Source Container Orchestration Frameworks},
	doi={10.48550/arXiv.2002.02806},
	journal = {arXiv:2002.02806 [cs]},
	author = {Truyen, Eddy and Van Landuyt, Dimitri and Preuveneers, Davy and Lagaisse, Bert and Joosen, Wouter},
	month = mar,
	year = {2021},
	institution={{arXiv}},
}

@inproceedings{farber-jcdl2020,
	title = {Analyzing the {GitHub} Repositories of Research Papers},
	isbn = {978-1-4503-7585-6},
	doi = {10.1145/3383583.3398578},
	language = {en},
	urldate = {2022-02-16},
	booktitle = {Proceedings of the {ACM}/{IEEE} {Joint} {Conference} on {Digital} {Libraries} in 2020},
	publisher = {ACM},
	author = {Färber, Michael},
	month = aug,
	year = {2020},
	pages = {491--492},
}

@misc{custom-domain,
	title = {Managing a custom domain for your {GitHub} {Pages} site},
	author={{GitHub Docs}},
	url = {https://docs.github.com/en/pages/configuring-a-custom-domain-for-your-github-pages-site/managing-a-custom-domain-for-your-github-pages-site},
	urldate = {2022-05-26},
	year={2022}
}

@misc{webrecorder,
    author={Ilya Kreymer},
	title = {{A} {New} {Phase} for {Webrecorder} {Project}, {Conifer} and {ReplayWeb}.page},
	url = {https://webrecorder.net/2020/06/11/webrecorder-conifer-and-replayweb-page.html},
	urldate = {2022-05-28},
	year={2020}
}

@inproceedings{dicosmo-ipres2017,
  title = {Software {H}eritage: Why and How to Preserve Software Source Code},
  author = {{Di Cosmo}, Roberto and Zacchiroli, Stefano},
  url = {https://hal.archives-ouvertes.fr/hal-01590958},
  urldate={2022-05-28},
  booktitle = {Proceedings of the 14th International Conference on Digital Preservation (iPRES)},
  pages = {1-10},
  year = {2017},
  month = Sep
}

@inproceedings{dicosmo-icms2020,
	title = {Archiving and Referencing Source Code with {Software Heritage}},
	urldate = {2023-02-01},
	booktitle = {Proceedings of the International Congress on Mathematical Software (ICMS)},
	author = {Di Cosmo, Roberto},
	year = {2020},
	doi = {10.1007/978-3-030-52200-1\_36},
	pages = {362--373},
}

@misc{dicosmo_swhblog,
	title = {Software {Heritage} is now open, please come in!},
	url = {https://www.softwareheritage.org/2016/06/30/unveiling/},
	author = {Di Cosmo, Roberto},
	month = jun,
	year = {2016}
}

@inproceedings{pietri-msr2020,
	title = {The {Software Heritage} Graph Dataset: Large-scale Analysis of Public Software Development History},
	shorttitle = {The {Software} {Heritage} {Graph} {Dataset}},
	doi = {10.1145/3379597.3387510},
	urldate = {2023-02-01},
	booktitle = {Proceedings of the 17th International Conference on Mining Software Repositories},
	author = {Pietri, Antoine and Spinellis, Diomidis and Zacchiroli, Stefano},
	month = jun,
	year = {2020},
	pages = {1--5},
}

@inproceedings{bhattacharjee-msr2020,
	title = {An {Exploratory} {Study} to {Find} {Motives} {Behind} {Cross}-platform {Forks} from {Software} {Heritage} {Dataset}},
	doi = {10.1145/3379597.3387512},
	urldate = {2023-02-01},
	booktitle = {Proceedings of the 17th International Conference on Mining Software Repositories},
	author = {Bhattacharjee, Avijit and Nath, Sristy Sumana and Zhou, Shurui and Chakroborti, Debasish and Roy, Banani and Roy, Chanchal K. and Schneider, Kevin},
	month = jun,
	year = {2020},
	pages = {11--15}
}

@article{hendricks-crossref-2020,
	title = {Crossref: {The} sustainable source of community-owned scholarly metadata},
	volume = {1},
	issn = {2641-3337},
	shorttitle = {Crossref},
	doi = {10.1162/qss\_a\_00022},
	language = {en},
	number = {1},
	urldate = {2022-07-21},
	journal = {Quantitative Science Studies},
	author = {Hendricks, Ginny and Tkaczyk, Dominika and Lin, Jennifer and Feeney, Patricia},
	month = feb,
	year = {2020},
	pages = {414--427},
}

% ANON: GitHub repo
@misc{Extract-URLs,
  author = {Anonymous},
  title = {{Extract-URLs}},
  url = {https://github.com/anonymous/Extract-URLs},
  year = {2021}
}

@inproceedings{jcdl-alam-memgator,
  author    = {Sawood Alam and
               Michael L. Nelson},
  title     = {{MemGator} - A Portable Concurrent {Memento} Aggregator},
  booktitle = {Proceedings of the 16th ACM/IEEE-CS Joint Conference on Digital Libraries (JCDL)},
  year      = {2016},
  month     = jun,
  pages     = {243--244},
  numpages  = {2},
  doi       = {10.1145/2910896.2925452},
}

% ANON: TPDL paper
@inproceedings{our-tpdl,
	title = {Anonymous},
	author = {Anonymous},
    booktitle = {Anonymous},
    doi = {Anonymous},
    year = 2022
}


@inproceedings{escamilla-tpdl2022,
	title = {The Rise of {GitHub} in Scholarly Publications},
	booktitle = {Proceedings of the International Conference on Theory and Practice of Digital Libraries (TPDL)},
	author = {Escamilla, Emily and Klein, Martin and Cooper, Talya and Rampin, Vicky and Weigle, Michele C. and Nelson, Michael L.},
	year = {2022},
    month = sep,
	pages = {187--200},
}


@techreport{RFC7089,
  author = {H. {Van de Sompel} and M. L. Nelson and R. Sanderson},
  title = {{HTTP} Framework for Time-Based Access to Resource States -- {Memento}},
  howpublished = {Internet Requests for Comments},
  type = {RFC},
  number = {7089},
  year = {2013},
  month = {December},
}

@misc{gitorious,
	title = {{GitLab} acquires {Gitorious} to bolster its on premise code collaboration platform},
	url = {https://about.gitlab.com/blog/2015/03/03/gitlab-acquires-gitorious/},
	author = {Sijbrandij, Sytse},
	month = mar,
	year = {2015},
}

@misc{google_code,
	title = {Bidding {Farewell} to {Google} {Code}},
	url = {https://opensource.googleblog.com/2015/03/farewell-to-google-code.html},
	journal = {Google Open Source Blog},
	author = {DiBona, Chris},
	month = mar,
	year = {2015},
}

@article{peters_zenodo,
	title = {Zenodo in the {Spotlight} of {Traditional} and {New} {Metrics}},
	volume = {2},
	doi = {10.3389/frma.2017.00013},
	journal = {Frontiers in Research Metrics and Analytics},
	author = {Peters, Isabella and Kraker, Peter and Lex, Elisabeth and Gumpenberger, Christian and Gorraiz, Juan Ignacio},
	month = dec,
	year = {2017},
	pages = {13},
}

@article{foster_osf,
	title = {Open {Science} {Framework} ({OSF})},
	volume = {105},
	issn = {1558-9439, 1536-5050},
	doi = {10.5195/jmla.2017.88},
	number = {2},
	urldate = {2023-02-03},
	journal = {Journal of the Medical Library Association},
	author = {Foster, Erin D. and Deardorff, Ariel},
	month = apr,
	year = {2017}
}

@inproceedings{mccown-jcdl2009,
  title={A framework for describing web repositories},
  author={McCown, Frank and Nelson, Michael L},
  booktitle={Proceedings of the 9th ACM/IEEE-CS Joint Conference on Digital Libraries (JCDL)},
  pages={341--344},
  year={2009}
}

@misc{iasge_data,
    author = {Steeves, Vicky and Nguyen, Sarah},
    publisher = {QDR Main Collection},
    title = {{Investigating and Archiving the Scholarly Git Experience}},
    year = {2020},
    version = {V1},
    doi = {10.5064/F6VOIB8H},
}

@techreport{iasge_gap,
	title = {Investigating the Scholarly Git Experience: a Gap Analysis},
	url = {https://osf.io/q27m9/},
	author = {{Sarah Nguyen}},
	year = {2021},
	month = feb,
}

@inproceedings{iasge_hicss,
	title = {A Behavioral Approach to Understanding the Git Experience},
	doi = {10.24251/HICSS.2021.872},
	booktitle = {Proceedings of the {HICSS}-54},
	pages = {7239},
	author = {Milliken, Genevieve and Nguyen, Sarah and Steeves, Vicky},
	year = {2021},
	month = jan,
}

@misc{hettrick,
	title = {{It's} impossible to conduct research without software, say 7 out of 10 {UK} researchers},
	url = {https://www.software.ac.uk/blog/2014-12-04-its-impossible-conduct-research-without-software-say-7-out-10-uk-researchers},
	titleaddon = {Software Sustainability Institute},
	author = {Hettrick, Simon},
	year = {2014},
	month = dec,
}

@inproceedings{squire,
	title = {{Forge++: The Changing Landscape of Development}},
	doi = {10.1109/HICSS.2014.405},
	booktitle = {Proceedings of the {HICSS}},
	author = {Squire, Megan},
	month = jan,
	year = {2014},
}

@techreport{zittrain-ssrn2021,
	title = {The Paper of Record Meets an Ephemeral Web: An Examination of Linkrot and Content Drift within {The} {New} {York} {Times}},
	issn = {1556-5068},
	shorttitle = {The Paper of Record Meets an Ephemeral Web},
	doi = {10.2139/ssrn.3833133},
	journal = {SSRN Electronic Journal},
	author = {Zittrain, Jonathan and Bowers, John and Stanton, Clare},
	year = {2021},
}

@article{allen-astro2018,
	title = {Schroedinger’s {Code}: A Preliminary Study on Research Source Code Availability and Link Persistence in Astrophysics},
	shorttitle = {Schroedinger’s {Code}},
	doi = {10.3847/1538-4365/aab764},
	journal = {The Astrophysical Journal Supplement Series},
	author = {Allen, Alice and Teuben, Peter J. and Ryan, P. Wesley},
	month = may,
	year = {2018},
}

@inproceedings{vandesompel-icm2014,
	title = {Towards Robust Hyperlinks for Web-Based Scholarly Communication},
	isbn = {978-3-319-08434-3},
	doi = {10.1007/978-3-319-08434-3\_2},
	booktitle = {Proceedings of the {International} {Conference} on {Intelligent} {Computer} {Mathematics}},
	publisher = {Springer International Publishing},
	author = {{Van de Sompel}, Herbert and Klein, Martin and Shankar, Harihar},
	year = {2014},
	pages = {12--25},
}

@incollection{klein-dlok2019,
	title = {The {Memento} {Tracer} {Framework}: {Balancing} Quality and Scalability for Web Archiving},
	volume = {11799},
	isbn = {978-3-030-30759-2 978-3-030-30760-8},
	shorttitle = {The {Memento} {Tracer} {Framework}},
	language = {en},
	booktitle = {Digital {Libraries} for {Open} {Knowledge}},
	publisher = {Springer International Publishing},
	author = {Klein, Martin and Shankar, Harihar and Balakireva, Lyudmila and {Van de Sompel}, Herbert},
	year = {2019},
	doi = {10.1007/978-3-030-30760-8\_15},
	pages = {163--176},
}

@article{brunelle-ijdl2016,
	title = {The impact of {JavaScript} on archivability},
	volume = {17},
	issn = {1432-5012, 1432-1300},
	doi = {10.1007/s00799-015-0140-8},
	language = {en},
	number = {2},
	journal = {International Journal on Digital Libraries},
	author = {Brunelle, Justin F. and Kelly, Mat and Weigle, Michele C. and Nelson, Michael L.},
	month = jun,
	year = {2016},
	pages = {95--117},
}

@inproceedings{brunelle-jcdl2017,
	title = {Archival Crawlers and {JavaScript}: {Discover} More Stuff but Crawl More Slowly},
	isbn = {978-1-5386-3861-3},
	shorttitle = {Archival {Crawlers} and {JavaScript}},
	doi = {10.1109/JCDL.2017.7991554},
	booktitle = {Proceedings of the 2017 {ACM}/{IEEE} {Joint} {Conference} on {Digital} {Libraries} ({JCDL})},
	publisher = {IEEE},
	author = {Brunelle, Justin F. and Weigle, Michele C. and Nelson, Michael L.},
	month = jun,
	year = {2017},
	pages = {1--10},
}

@article{he-aslib2016,
	title = {Reuse of scientific data in academic publications: {An} investigation of {Dryad} {Digital} {Repository}},
	volume = {68},
	issn = {2050-3806},
	shorttitle = {Reuse of scientific data in academic publications},
	doi = {10.1108/AJIM-01-2016-0008},
	language = {en},
	number = {4},
	journal = {Aslib Journal of Information Management},
	author = {He, Lin and Nahar, Vinita},
	month = jul,
	year = {2016},
	pages = {478--494},
}

@article{agol-astro2021,
	title = {A differentiable {N}-body code for transit timing and dynamical modelling – {I}. {Algorithm} and derivatives},
	volume = {507},
	issn = {0035-8711},
	doi = {10.1093/mnras/stab2044},
	number = {2},
	journal = {Monthly Notices of the Royal Astronomical Society},
	author = {Agol, Eric and Hernandez, David M. and Langford, Zachary},
	month = jul,
	year = {2021},
	pages = {1582--1605},
}

@article{chen-pmc2021,
	title = {The bioinformatics toolbox for {circRNA} discovery and analysis},
	volume = {22},
	issn = {1477-4054},
	doi = {10.1093/bib/bbaa001},
	language = {en},
	number = {2},
	journal = {Briefings in Bioinformatics},
	author = {Chen, Liang and Wang, Changliang and Sun, Huiyan and Wang, Juexin and Liang, Yanchun and Wang, Yan and Wong, Garry},
	month = mar,
	year = {2021},
	pages = {1706--1728},
}

@article{yang-pmc2021,
	title = {A review of computational tools for generating metagenome-assembled genomes from metagenomic sequencing data},
	volume = {19},
	issn = {20010370},
	doi = {10.1016/j.csbj.2021.11.028},
	language = {en},
	journal = {Computational and Structural Biotechnology Journal},
	author = {Yang, Chao and Chowdhury, Debajyoti and Zhang, Zhenmiao and Cheung, William K. and Lu, Aiping and Bian, Zhaoxiang and Zhang, Lu},
	year = {2021},
	pages = {6301--6314},
}

@article{kayani-pmc2021,
	title = {Genome-resolved metagenomics using environmental and clinical samples},
	volume = {22},
	issn = {1467-5463, 1477-4054},
	doi = {10.1093/bib/bbab030},
	language = {en},
	number = {5},
	journal = {Briefings in Bioinformatics},
	author = {Kayani, {Masood ur Rehman} and Huang, Wanqiu and Feng, Ru and Chen, Lei},
	month = sep,
	year = {2021}
}

@article{kuo-pmc2019,
	title = {Comparison of blockchain platforms: a systematic review and healthcare examples},
	volume = {26},
	issn = {1527-974X},
	shorttitle = {Comparison of blockchain platforms},
	doi = {10.1093/jamia/ocy185},
	language = {en},
	number = {5},
	journal = {Journal of the American Medical Informatics Association},
	author = {Kuo, {Tsung-Ting} and Zavaleta Rojas, Hugo and {Ohno-Machado}, Lucila},
	month = may,
	year = {2019},
	pages = {462--478},
}

@inproceedings{salsabil2022study,
  title={A Study of Computational Reproducibility using {URLs} Linking to Open Access Datasets and Software},
  author={Salsabil, Lamia and Wu, Jian and Choudhury, Muntabir Hasan and Ingram, William A and Fox, Edward A and Rajtmajer, Sarah M and Giles, C Lee},
  booktitle={Companion Proceedings of the Web Conference 2022},
  pages={784--788},
  year={2022}
}

@misc{mementoprotocol,
  title        = {{HTTP Framework for Time-Based Access to Resource States - Memento - RFC 7089}},
  author       = {Herbert {Van de Sompel} and Michael L. Nelson and Robert Sanderson},
  series       = {Request for Comments},
  number       = {7089},
  howpublished = "\url{http://tools.ietf.org/html/rfc7089}",
  publisher    = {IETF},
  organization = {Internet Engineering Task Force},
  year         = {2013}
}


@inproceedings{bhattarai-jcdl22,
	title = {Open-source code repository attributes predict impact of computer science research},
	doi = {10.1145/3529372.3530927},
	booktitle = {Proceedings of the 22nd {ACM}/{IEEE} {Joint} {Conference} on {Digital} {Libraries}},
	author = {Bhattarai, Prajjwal and Ghassemi, Mohammed and Alhanai, Tuka},
	month = jun,
	year = {2022},
	pages = {1--7},
}


@article{mannwhitney,
	title = {On a Test of Whether one of Two Random Variables is Stochastically Larger than the Other},
	volume = {18},
	doi = {10.1214/aoms/1177730491},
	number = {1},
	journal = {The Annals of Mathematical Statistics},
	author = {Mann, H. B. and Whitney, D. R.},
	month = mar,
	year = {1947},
	pages = {50--60}
}


@article{cliffsdelta,
	title = {Dominance statistics: {Ordinal} analyses to answer ordinal questions.},
	volume = {114},
	shorttitle = {Dominance statistics},
	doi = {10.1037/0033-2909.114.3.494},
	number = {3},
	journal = {Psychological Bulletin},
	author = {Cliff, Norman},
	month = nov,
	year = {1993},
	pages = {494--509},
}


